<?xml version="1.0" encoding="UTF-8"?><collection><record><leader>06053ntm a2200577 a 4500</leader><controlfield tag="001">006837614</controlfield><controlfield tag="003">MiAaHDL</controlfield><controlfield tag="005">20190719000000.0</controlfield><controlfield tag="006">m        d        </controlfield><controlfield tag="007">cr bn ---auaua</controlfield><controlfield tag="008">090710q17701830xx            00| ||per d</controlfield><datafield tag="035" ind1=" " ind2=" "><subfield code="a">(MiU)006837614</subfield></datafield><datafield tag="035" ind1=" " ind2=" "><subfield code="a">sdr-miu006837614</subfield></datafield><datafield tag="040" ind1=" " ind2=" "><subfield code="a">MiU</subfield><subfield code="c">MiU</subfield><subfield code="e">amremm</subfield></datafield><datafield tag="043" ind1=" " ind2=" "><subfield code="a">n-us-mi</subfield></datafield><datafield tag="100" ind1="1" ind2=" "><subfield code="6">880-01</subfield><subfield code="a">Bahār, Lālah Tīk Chand.</subfield></datafield><datafield tag="245" ind1="1" ind2="0"><subfield code="6">880-03</subfield><subfield code="a">Bahār-i ʻajam,</subfield><subfield code="f">[late 18th or early 19th century?].</subfield></datafield><datafield tag="246" ind1="3" ind2=" "><subfield code="i">Title from inscription on upper pastedown:</subfield><subfield code="a">Buhare Ajum</subfield></datafield><datafield tag="246" ind1="3" ind2="8"><subfield code="a">BUHARE UJUM</subfield></datafield><datafield tag="260" ind1=" " ind2=" "><subfield code="c">[1770-1830?].</subfield></datafield><datafield tag="300" ind1=" " ind2=" "><subfield code="a">485 leaves :</subfield><subfield code="b">paper ;</subfield><subfield code="c">309 x 215 (212 x 136) mm. bound to 317 x 225 mm.</subfield></datafield><datafield tag="500" ind1=" " ind2=" "><subfield code="a">Shelfmark: Ann Arbor, University of Michigan, Special Collections Library, Isl. Ms. 885</subfield></datafield><datafield tag="500" ind1=" " ind2=" "><subfield code="a">Origin: As appears in colophon on p.969 (and at close of باب الف ممدوده on p.978), copied by Mathurādās Khatrī, date not specified ; decoration, paper, etc. would suggest late 18th or early 19th century.</subfield></datafield><datafield tag="500" ind1=" " ind2=" "><subfield code="a">Accompanying materials: a. Scrap cut from a Luzac catalog page with description and price for this manuscript "PERSIAN AND HINDUSTANI MSS. 175 Bahar i ʻajam. The well-known Persian dictionary. MS. Folio. Over 1000 pp. Leather binding. The colophon is dated A.H. 1243 ( = A.D. 1827), under the reign of Muhammad Akbar Shâh (II.) £2 10s." (paginated pp.1-2) -- b. Recycled card with handwriting of Emilie Savage-Smith [?] "ʻunwān or illum. frontispiece or heading." (paginated pp.3-4) -- c. Scrap of paper with title in ink "Bahār i ʻAjam." (paginated pp.5-6) -- d. Slip with note "Persian MSS (Heyworth-Dunne?) No Husselman or Meredith-Owens notes" (paginated pp.7-8).</subfield></datafield><datafield tag="500" ind1=" " ind2=" "><subfield code="a">Former shelfmark: Mich. Isl. Ms. temp. no. 34</subfield></datafield><datafield tag="500" ind1=" " ind2=" "><subfield code="a">Binding: Pasteboards covered in deep red leather ; Western style binding ; pastedowns and flyleaves in untinted wove paper ; upper and lower covers carry delicate gold-tooled border in a rope pattern ; spine stamped "BUHARE | UJUM" ; now sewn in white thread over three cords ; worked chevron endbands in yellow and blue, good condition ; overall in somewhat poor condition with upper cover fully detached, some abrasion, staining, lifting of leather, etc.</subfield></datafield><datafield tag="500" ind1=" " ind2=" "><subfield code="a">Support: non-European laid paper with 10 laid lines per cm. (vertical or horizontal, fairly distinct, some curving) and irregular chain lines faintly visible, sturdy, well-burnished, dark cream in color ; flyleaves / added leaves in wove paper.</subfield></datafield><datafield tag="500" ind1=" " ind2=" "><subfield code="a">Decoration: Splendid illuminated headpiece (ʻunwān / sarlawḥ) at opening on p.10 consisting of rectangular piece with cartouche (carrying the basmalah) flanked by pendants and delicate swirling floral vegetal decoration in blue, red, orange, and white on a gold ground, surmounted by scalloped w-shaped piece filled with more elaborate swirling floral vegetal decoration in red, orange, white, blue, green, etc. on grounds of gold with blue, green and white accents, itself surmounted by a pendant filled with similar decoration as well as fine vertical stalks (tīgh) in blue, entire piece set into a well consisting of a rather heavy gold band outlined by narrow bands of orange and gold defined by black fillets ; written area throughout surrounded by a gold frame with innermost red rule, and outer red and blue rules, further blue rule defines margin ; keywords and headings rubricated ; overlining or two-teeth abbreviation symbol in red.</subfield></datafield><datafield tag="500" ind1=" " ind2=" "><subfield code="a">Script: Nastaʻlīq ; elegant hand in a medium line ; serifless with slight effect of words descending to baseline, elongation of horizontal strokes, pointing (two and three dots) mainly in distinct or conjoined dots.</subfield></datafield><datafield tag="500" ind1=" " ind2=" "><subfield code="a">Layout: Written in 21 lines per page ; frame-ruled.</subfield></datafield><datafield tag="500" ind1=" " ind2=" "><subfield code="a">Collation: ii, 14 IV(112), III (118), IV+1 (127), 12 IV(223), IV+2 (233), 26 IV(441), II (445), IV+1 (454), 3 IV(478), IV-1 (485), iii ; chiefly quaternions ; lacuna on p.458 marked with "ص" ; p.970 prior to opening of Bāb-i alif-i mamdūdah left blank ; lacks proper catchwords but last word of final line on the verso of each leaf is usually repeated at the beginning of the first line on the following recto ; pagination in pencil, Western numerals, supplied during digitization (includes inserts).</subfield></datafield><datafield tag="500" ind1=" " ind2=" "><subfield code="a">Colophon: "Scribal," reads "الحمد لله والمنة که باتمام رسید منتخب کتاب بهار عجم تالیف استادی مخدومی تیک چند بهار بخط فقیر حقیر اضعف العباد متهراداس قوم کهتری فقط"</subfield></datafield><datafield tag="500" ind1=" " ind2=" "><subfield code="a">Incipit: "مهار آفرینی که کلبرک ... دیباچه اصل بهار عجم سپاس و ستایش ایزد متعال را در خور که هريکى ار افراد انسان ..."</subfield></datafield><datafield tag="500" ind1=" " ind2=" "><subfield code="a">Title from opening matter (p.11) and colophon (p.978).</subfield></datafield><datafield tag="500" ind1=" " ind2=" "><subfield code="a">Ms. codex.</subfield></datafield><datafield tag="510" ind1="4" ind2=" "><subfield code="a">Cat. Pers. MSS. Brit. Mus.,</subfield><subfield code="c">p.502</subfield></datafield><datafield tag="520" ind1="8" ind2=" "><subfield code="a">Elegant copy of the dictionary of words and idioms used by the Persian poets compiled by Tīk Chand Bahār (d.1766) with added preface.</subfield></datafield><datafield tag="538" ind1=" " ind2=" "><subfield code="a">Mode of access: Internet.</subfield></datafield><datafield tag="541" ind1=" " ind2=" "><subfield code="c">Gift ;</subfield><subfield code="a">Acquired from Frank E. Nuttall (1875-1943).</subfield></datafield><datafield tag="546" ind1=" " ind2=" "><subfield code="a">Persian.</subfield></datafield><datafield tag="561" ind1=" " ind2=" "><subfield code="a">Title inscribed in pencil on upper pastedown "Buhare Ajum" ; glosses and occasional marginal corrections.</subfield></datafield><datafield tag="650" ind1=" " ind2="0"><subfield code="a">Manuscripts, Persian</subfield><subfield code="z">Michigan</subfield><subfield code="z">Ann Arbor.</subfield></datafield><datafield tag="650" ind1=" " ind2="0"><subfield code="a">Persian language</subfield><subfield code="v">Glossaries, vocabularies, etc.</subfield></datafield><datafield tag="650" ind1=" " ind2="0"><subfield code="a">Persian language</subfield><subfield code="v">Dictionaries</subfield><subfield code="x">Persian.</subfield></datafield><datafield tag="655" ind1=" " ind2="7"><subfield code="a">Headpieces (layout features)</subfield><subfield code="y">19th century.</subfield><subfield code="2">aat</subfield></datafield><datafield tag="700" ind1="1" ind2=" "><subfield code="a">Nuttall, Frank E.,</subfield><subfield code="d">1875-1943,</subfield><subfield code="e">former owner.</subfield></datafield><datafield tag="700" ind1="0" ind2=" "><subfield code="6">880-05</subfield><subfield code="a">Mathurādās Khatrī,</subfield><subfield code="e">scribe.</subfield></datafield><datafield tag="773" ind1="0" ind2=" "><subfield code="a">F. E. Nuttall Collection.</subfield></datafield><datafield tag="880" ind1="0" ind2=" "><subfield code="6">700-05/</subfield><subfield code="a">متهراداس كهترى,</subfield><subfield code="e">ناسخ.</subfield></datafield><datafield tag="880" ind1="1" ind2="0"><subfield code="6">245-03/</subfield><subfield code="a">بهار عجم,</subfield><subfield code="f">[پایان قرن 18 یا آغاز قرن 19م؟].</subfield></datafield><datafield tag="880" ind1="1" ind2=" "><subfield code="6">100-01/</subfield><subfield code="a">بهار، لاله تيک چند.</subfield></datafield><datafield tag="CID" ind1=" " ind2=" "><subfield code="a">006837614</subfield></datafield><datafield tag="DAT" ind1="0" ind2=" "><subfield code="a">20190719102641.0</subfield><subfield code="b">20190719000000.0</subfield></datafield><datafield tag="DAT" ind1="1" ind2=" "><subfield code="a">20190719090653.0</subfield><subfield code="b">2019-07-19T16:12:29Z</subfield></datafield><datafield tag="DAT" ind1="2" ind2=" "><subfield code="a">2015-10-02T18:00:03Z</subfield></datafield><datafield tag="CAT" ind1=" " ind2=" "><subfield code="a">SDR-MIU</subfield><subfield code="d">EX LIBRIS - ALEPH</subfield><subfield code="l">prepare.pl-004-008</subfield></datafield><datafield tag="FMT" ind1=" " ind2=" "><subfield code="a">BK</subfield></datafield><datafield tag="HOL" ind1=" " ind2=" "><subfield code="0">sdr-miu006837614</subfield><subfield code="a">MiU</subfield><subfield code="b">SDR</subfield><subfield code="c">MIU</subfield><subfield code="p">mdp.39015079132620</subfield><subfield code="s">MIU</subfield><subfield code="1">006837614</subfield></datafield><datafield tag="974" ind1=" " ind2=" "><subfield code="b">MIU</subfield><subfield code="c">MIU</subfield><subfield code="d">20190719</subfield><subfield code="s">lit-dlps-dc</subfield><subfield code="u">mdp.39015079132620</subfield><subfield code="y">1830</subfield><subfield code="r">pd</subfield><subfield code="q">exp</subfield></datafield></record></collection>